@article{doi:10.1073/pnas.2016239118,
    title = {{Biological structure and function emerge from scaling unsupervised learning to 250 million protein sequences}},
    year = {2021},
    journal = {Proceedings of the National Academy of Sciences},
    author = {Rives, Alexander and Meier, Joshua and Sercu, Tom and Goyal, Siddharth and Lin, Zeming and Liu, Jason and Guo, Demi and Ott, Myle and Zitnick, C Lawrence and Ma, Jerry and Fergus, Rob},
    number = {15},
    pages = {e2016239118},
    volume = {118},
    doi = {10.1073/pnas.2016239118}
}

@misc{https://doi.org/10.48550/arxiv.1502.01852,
    title = {{Delving Deep into Rectifiers: Surpassing Human-Level Performance on ImageNet Classification}},
    year = {2015},
    author = {He, Kaiming and Zhang, Xiangyu and Ren, Shaoqing and Sun, Jian},
    publisher = {arXiv},
    doi = {10.48550/ARXIV.1502.01852},
    keywords = {Artificial Intelligence (cs.AI), Computer Vision and Pattern Recognition (cs.CV), FOS: Computer and information sciences, Machine Learning (cs.LG)}
}

@article{JMLR:v15:srivastava14a,
    title = {{Dropout: A Simple Way to Prevent Neural Networks from Overfitting}},
    year = {2014},
    journal = {Journal of Machine Learning Research},
    author = {Srivastava, Nitish and Hinton, Geoffrey and Krizhevsky, Alex and Sutskever, Ilya and Salakhutdinov, Ruslan},
    number = {56},
    pages = {1929--1958},
    volume = {15}
}

@inproceedings{NIPS2012_c399862d,
    title = {{ImageNet Classification with Deep Convolutional Neural Networks}},
    year = {2012},
    booktitle = {Advances in Neural Information Processing Systems},
    author = {Krizhevsky, Alex and Sutskever, Ilya and Hinton, Geoffrey E},
    editor = {Pereira, F and Burges, C J and Bottou, L and Weinberger, K Q},
    volume = {25},
    publisher = {Curran Associates, Inc.},
    url = {https://proceedings.neurips.cc/paper/2012/file/c399862d3b9d6b76c8436e924a68c45b-Paper.pdf}
}

@article{hochreiter1997long,
    title = {{Long short-term memory}},
    year = {1997},
    journal = {Neural computation},
    author = {Hochreiter, Sepp and Schmidhuber, Jürgen},
    number = {8},
    pages = {1735--1780},
    volume = {9},
    publisher = {MIT Press}
}

@article{Shen2020ANetwork,
    title = {{A Deep Learning Model for RNA-Protein Binding Preference Prediction based on Hierarchical LSTM and Attention Network}},
    year = {2020},
    journal = {IEEE/ACM Transactions on Computational Biology and Bioinformatics},
    author = {Shen, Zhen and Zhang, Qinhu and Han, Kyungsook and Huang, De-shuang},
    month = {7},
    pages = {1--1},
    publisher = {Institute of Electrical and Electronics Engineers (IEEE)},
    doi = {10.1109/TCBB.2020.3007544},
    issn = {1545-5963}
}

@article{10XGenomics2019APhenotype,
    title = {{A New Way of Exploring Immunity - Linking Highly Multiplexed Antigen Recognition to Immune Repertoire and Phenotype}},
    year = {2019},
    journal = {10x Genomics},
    author = {{10X Genomics}},
    number = {D},
    pages = {1--13}
}

@article{Hu2019ACME:Networks,
    title = {{ACME: Pan-specific peptide-MHC class i binding prediction through attention-based deep neural networks}},
    year = {2019},
    journal = {Bioinformatics},
    author = {Hu, Yan and Wang, Ziqiang and Hu, Hailin and Wan, Fangping and Chen, Lin and Xiong, Yuanpeng and Wang, Xiaoxia and Zhao, Dan and Huang, Weiren and Zeng, Jianyang},
    number = {23},
    volume = {35},
    doi = {10.1093/bioinformatics/btz427},
    issn = {14602059}
}

@techreport{KingmaADAM:OPTIMIZATION,
    title = {{ADAM: A METHOD FOR STOCHASTIC OPTIMIZATION}},
    author = {Kingma, Diederik P and Lei Ba, Jimmy},
    arxivId = {1412.6980v9}
}

@article{Jing2020AminoAssessment,
    title = {{Amino Acid Encoding Methods for Protein Sequences: A Comprehensive Review and Assessment}},
    year = {2020},
    journal = {IEEE/ACM Transactions on Computational Biology and Bioinformatics},
    author = {Jing, Xiaoyang and Dong, Qiwen and Hong, Daocheng and Lu, Ruqian},
    number = {6},
    month = {11},
    pages = {1918--1931},
    volume = {17},
    publisher = {IEEE},
    doi = {10.1109/TCBB.2019.2911677},
    issn = {15579964},
    pmid = {30998480},
    keywords = {Amino acid encoding, feature extraction, protein fold recognition, protein secondary structure prediction, protein structure and function prediction, residue encoding}
}

@article{Henikoff1992AminoBlocks,
    title = {{Amino acid substitution matrices from protein blocks}},
    year = {1992},
    journal = {Proceedings of the National Academy of Sciences of the United States of America},
    author = {Henikoff, S. and Henikoff, J. G.},
    number = {22},
    volume = {89},
    doi = {10.1073/pnas.89.22.10915},
    issn = {00278424}
}

@article{Jurtz2017AnSolutions,
    title = {{An introduction to deep learning on biological sequence data: examples and solutions}},
    year = {2017},
    journal = {Bioinformatics},
    author = {Jurtz, Vanessa Isabell and Johansen, Alexander Rosenberg and Nielsen, Morten and Almagro Armenteros, Jose Juan and Nielsen, Henrik and S{\o}nderby, Casper Kaae and Winther, Ole and S{\o}nderby, Søren Kaae},
    number = {22},
    month = {11},
    pages = {3685--3690},
    volume = {33},
    publisher = {Oxford Academic},
    doi = {10.1093/BIOINFORMATICS/BTX531},
    issn = {1367-4803},
    pmid = {28961695}
}

@inproceedings{Vaswani2017AttentionNeed,
    title = {{Attention is all you need}},
    year = {2017},
    booktitle = {Advances in Neural Information Processing Systems},
    author = {Vaswani, Ashish and Shazeer, Noam and Parmar, Niki and Uszkoreit, Jakob and Jones, Llion and Gomez, Aidan N. and Kaiser, Łukasz and Polosukhin, Illia},
    volume = {2017-December},
    issn = {10495258}
}

@inproceedings{Devlin2019BERT:Understanding,
    title = {{BERT: Pre-training of deep bidirectional transformers for language understanding}},
    year = {2019},
    booktitle = {NAACL HLT 2019 - 2019 Conference of the North American Chapter of the Association for Computational Linguistics: Human Language Technologies - Proceedings of the Conference},
    author = {Devlin, Jacob and Chang, Ming Wei and Lee, Kenton and Toutanova, Kristina},
    volume = {1}
}

@article{Gasteiger2017CellularPlayers,
    title = {{Cellular Innate Immunity: An Old Game with New Players}},
    year = {2017},
    journal = {Journal of Innate Immunity},
    author = {Gasteiger, Georg and D'osualdo, Andrea and Schubert, David A. and Weber, Alexander and Bruscia, Emanuela M. and Hartl, Dominik},
    number = {2},
    month = {2},
    pages = {111--125},
    volume = {9},
    publisher = {Karger Publishers},
    doi = {10.1159/000453397},
    issn = {1662-811X},
    pmid = {28006777},
    keywords = {274634, Host defense, Immune response, Innate Immunity, Innate lymphoid cells, Journal of Innate Immunity 2017, Macrophages, Myeloid-derived suppressor cells, Neutrophils, No. 2, Pattern recognition receptors, Phagocytosis, Toll-like receptor, Vol. 9}
}

@article{Wong2019ComparativeReceptors,
    title = {{Comparative Analysis of the CDR Loops of Antigen Receptors}},
    year = {2019},
    journal = {Front. Immunol},
    author = {Wong, Wing Ki and Leem, Jinwoo and Deane, Charlotte M},
    pages = {2454},
    volume = {10},
    doi = {10.3389/fimmu.2019.02454},
    keywords = {NGS, T-cell receptors, antibodies, loop conformations, protein structure prediction}
}

@article{Asgari2015ContinuousGenomics,
    title = {{Continuous Distributed Representation of Biological Sequences for Deep Proteomics and Genomics}},
    year = {2015},
    journal = {PLOS ONE},
    author = {Asgari, Ehsaneddin and Mofrad, Mohammad R.K.},
    number = {11},
    month = {11},
    pages = {e0141287},
    volume = {10},
    publisher = {Public Library of Science},
    doi = {10.1371/JOURNAL.PONE.0141287},
    issn = {1932-6203},
    pmid = {26555596},
    keywords = {Bioinformatics, Biophysics, Protein domains, Protein structure, Protein structure databases, Protein structure prediction, Structural proteins, Support vector machines}
}

@article{Aoki2018ConvolutionalSequences,
    title = {{Convolutional neural networks for classification of alignments of non-coding RNA sequences}},
    year = {2018},
    journal = {Bioinformatics},
    author = {Aoki, Genta and Sakakibara, Yasubumi},
    number = {13},
    month = {7},
    pages = {i237-i244},
    volume = {34},
    publisher = {Oxford Academic},
    doi = {10.1093/BIOINFORMATICS/BTY228},
    issn = {1367-4803},
    pmid = {29949978}
}

@misc{Kazi2018CurrentDesign,
    title = {{Current progress of immunoinformatics approach harnessed for cellular- and antibody-dependent vaccine design}},
    year = {2018},
    booktitle = {Pathogens and Global Health},
    author = {Kazi, Ada and Chuah, Candy and Majeed, Abu Bakar Abdul and Leow, Chiuan Herng and Lim, Boon Huat and Leow, Chiuan Yee},
    number = {3},
    volume = {112},
    doi = {10.1080/20477724.2018.1446773},
    issn = {20477732}
}

@article{AlmagroArmenteros2017DeepLoc:Learning,
    title = {{DeepLoc: prediction of protein subcellular localization using deep learning}},
    year = {2017},
    journal = {Bioinformatics},
    author = {Almagro Armenteros, José Juan and S{\o}nderby, Casper Kaae and S{\o}nderby, Søren Kaae and Nielsen, Henrik and Winther, Ole},
    number = {21},
    month = {11},
    pages = {3387--3395},
    volume = {33},
    publisher = {Oxford Academic},
    doi = {10.1093/BIOINFORMATICS/BTX431},
    issn = {1367-4803},
    pmid = {29036616}
}

@article{Qi2014DiversityRepertoire,
    title = {{Diversity and clonal selection in the human T-cell repertoire}},
    year = {2014},
    journal = {Proceedings of the National Academy of Sciences of the United States of America},
    author = {Qi, Qian and Liu, Yi and Cheng, Yong and Glanville, Jacob and Zhang, David and Lee, Ji Yeun and Olshen, Richard A. and Weyand, Cornelia M. and Boyd, Scott D. and Goronzy, Jörg J.},
    number = {36},
    pages = {13139--13144},
    volume = {111},
    publisher = {Proc Natl Acad Sci U S A},
    doi = {10.1073/PNAS.1409155111},
    issn = {1091-6490},
    pmid = {25157137},
    keywords = {Adult, Aged, Aging / immunology, Antigen, Base Sequence, CD4-Positive T-Lymphocytes / cytology, CD4-Positive T-Lymphocytes / drug effects, CD4-Positive T-Lymphocytes / immunology, CD8-Positive T-Lymphocytes / cytology, CD8-Positive T-Lymphocytes / drug effects, CD8-Positive T-Lymphocytes / immunology, Cell Compartmentation / drug effects, Cell Compartmentation / immunology, Cell Proliferation / drug effects, Clone Cells, Complementarity Determining Regions / immunology, Cytokines / pharmacology, Extramural, Gene Rearrangement, Humans, Immunologic Memory / drug effects, J{\"{o}}rg J Goronzy, MEDLINE, N.I.H., NCBI, NIH, NLM, National Center for Biotechnology Information, National Institutes of Health, National Library of Medicine, Non-U.S. Gov't, PMC4246948, PubMed Abstract, Qian Qi, Receptors, Research Support, T-Cell / immunology, T-Lymphocytes / cytology*, T-Lymphocytes / drug effects, T-Lymphocytes / immunology*, Yi Liu, beta-Chain T-Cell Antigen Receptor, doi:10.1073/pnas.1409155111, pmid:25157137}
}

@article{Luong2015EffectiveTranslation,
    title = {{Effective Approaches to Attention-based Neural Machine Translation}},
    year = {2015},
    journal = {Conference Proceedings - EMNLP 2015: Conference on Empirical Methods in Natural Language Processing},
    author = {Luong, Minh Thang and Pham, Hieu and Manning, Christopher D.},
    month = {8},
    pages = {1412--1421},
    publisher = {Association for Computational Linguistics (ACL)},
    isbn = {9781941643327},
    doi = {10.48550/arxiv.1508.04025},
    arxivId = {1508.04025},
    keywords = {()}
}

@misc{Mikolov2013EfficientSpace,
    title = {{Efficient Estimation of Word Representations in Vector Space}},
    year = {2013},
    author = {Mikolov, Tomas and Chen, Kai and Corrado, Greg and Dean, Jeffrey},
    publisher = {arXiv},
    arxivId = {1301.3781v3}
}

@article{Rehurek2011Gensim--pythonModelling,
    title = {{Gensim--python framework for vector space modelling}},
    year = {2011},
    journal = {NLP Centre, Faculty of Informatics, Masaryk University, Brno, Czech Republic},
    author = {Rehurek, Radim and Sojka, Petr},
    number = {2},
    volume = {3}
}

@article{Krogsgaard2005HowAntigen,
    title = {{How T cells 'see' antigen}},
    year = {2005},
    journal = {Nature Immunology},
    author = {Krogsgaard, Michelle and Davis, Mark M.},
    number = {3},
    volume = {6},
    doi = {10.1038/ni1173},
    issn = {15292908}
}

@article{Glanville2017IdentifyingRepertoire,
    title = {{Identifying specificity groups in the T cell receptor repertoire}},
    year = {2017},
    journal = {Nature 2017 547:7661},
    author = {Glanville, Jacob and Huang, Huang and Nau, Allison and Hatton, Olivia and Wagar, Lisa E. and Rubelt, Florian and Ji, Xuhuai and Han, Arnold and Krams, Sheri M. and Pettus, Christina and Haas, Nikhil and Arlehamn, Cecilia S.Lindestam and Sette, Alessandro and Boyd, Scott D. and Scriba, Thomas J. and Martinez, Olivia M. and Davis, Mark M.},
    number = {7661},
    month = {6},
    pages = {94--98},
    volume = {547},
    publisher = {Nature Publishing Group},
    doi = {10.1038/nature22976},
    issn = {1476-4687},
    pmid = {28636589},
    keywords = {Adaptive immunity, Protein sequence analyses, Statistical methods, Systems analysis, T, cell receptor}
}

@article{Ye2013IgBLAST:Tool.,
    title = {{IgBLAST: an immunoglobulin variable domain sequence analysis tool.}},
    year = {2013},
    journal = {Nucleic acids research},
    author = {Ye, Jian and Ma, Ning and Madden, Thomas L. and Ostell, James M.},
    number = {Web Server issue},
    volume = {41},
    doi = {10.1093/nar/gkt382},
    issn = {13624962}
}

@book{Murphy2008JanewaysImmunobiology,
    title = {{Janeway's Immunobiology}},
    year = {2008},
    author = {Murphy, Kenneth and Travers, Paul and Walport, Mark and Janeway, Chares},
    publisher = {Garland Science},
    address = {New York}
}

@article{Yang2018LearnedLearning,
    title = {{Learned protein embeddings for machine learning}},
    year = {2018},
    journal = {Bioinformatics},
    author = {Yang, Kevin K. and Wu, Zachary and Bedbrook, Claire N. and Arnold, Frances H.},
    number = {15},
    month = {8},
    pages = {2642},
    volume = {34},
    publisher = {Oxford University Press},
    doi = {10.1093/BIOINFORMATICS/BTY178},
    issn = {14602059},
    pmid = {29584811}
}

@article{Klausen2015LYRAModeling,
    title = {{LYRA, a webserver for lymphocyte receptor structural modeling}},
    year = {2015},
    journal = {Nucleic Acids Research},
    author = {Klausen, Michael Schantz and Anderson, Mads Valdemar and Jespersen, Martin Closter and Nielsen, Morten and Marcatili, Paolo},
    number = {W1},
    volume = {43},
    doi = {10.1093/nar/gkv535},
    issn = {13624962}
}

@article{Hoof2009NetMHCpanHumans,
    title = {{NetMHCpan, a method for MHC class i binding prediction beyond humans}},
    year = {2009},
    journal = {Immunogenetics},
    author = {Hoof, Ilka and Peters, Bjoern and Sidney, John and Pedersen, Lasse Eggers and Sette, Alessandro and Lund, Ole and Buus, Søren and Nielsen, Morten},
    number = {1},
    volume = {61},
    doi = {10.1007/s00251-008-0341-z},
    issn = {00937711}
}

@article{Reynisson2021NetMHCpan-4.1Data,
    title = {{NetMHCpan-4.1 and NetMHCIIpan-4.0: Improved predictions of MHC antigen presentation by concurrent motif deconvolution and integration of MS MHC eluted ligand data}},
    year = {2021},
    journal = {Nucleic Acids Research},
    author = {Reynisson, Birkir and Alvarez, Bruno and Paul, Sinu and Peters, Bjoern and Nielsen, Morten},
    number = {W1},
    volume = {48},
    doi = {10.1093/NAR/GKAA379},
    issn = {13624962}
}

@article{Montemurro2021NetTCR-2.0Data,
    title = {{NetTCR-2.0 enables accurate prediction of TCR-peptide binding by using paired TCR{$\alpha$} and {$\beta$} sequence data}},
    year = {2021},
    journal = {Communications Biology},
    author = {Montemurro, Alessandro and Schuster, Viktoria and Povlsen, Helle Rus and Bentzen, Amalie Kai and Jurtz, Vanessa and Chronister, William D. and Crinklaw, Austin and Hadrup, Sine R. and Winther, Ole and Peters, Bjoern and Jessen, Leon Eyrich and Nielsen, Morten},
    number = {1},
    volume = {4},
    doi = {10.1038/s42003-021-02610-3},
    issn = {23993642}
}

@article{IsabellJurtz2018NetTCR:Networks,
    title = {{NetTCR: sequence-based prediction of TCR binding to peptide-MHC complexes using convolutional neural networks}},
    year = {2018},
    journal = {bioRxiv},
    author = {Isabell Jurtz, Vanessa and Eyrich Jessen, Leon and Kai Bentzen, Amalie and Closter Jespersen, Martin and Mahajan, Swapnil and Vita, Randi and Kjaergaard Jensen, Kamilla and Marcatili, Paolo and Reker Hadrup, Sine and Peters, Bjoern and Nielsen, Morten},
    month = {10},
    pages = {433706},
    publisher = {Cold Spring Harbor Laboratory},
    doi = {10.1101/433706}
}

@article{Bahdanau2014NeuralTranslate,
    title = {{Neural Machine Translation by Jointly Learning to Align and Translate}},
    year = {2014},
    journal = {3rd International Conference on Learning Representations, ICLR 2015 - Conference Track Proceedings},
    author = {Bahdanau, Dzmitry and Cho, Kyung Hyun and Bengio, Yoshua},
    month = {9},
    publisher = {International Conference on Learning Representations, ICLR},
    doi = {10.48550/arxiv.1409.0473},
    arxivId = {1409.0473}
}

@article{Chaplin2010OverviewResponse,
    title = {{Overview of the immune response}},
    year = {2010},
    journal = {Journal of Allergy and Clinical Immunology},
    author = {Chaplin, David D.},
    number = {2},
    month = {2},
    pages = {S3-S23},
    volume = {125},
    publisher = {NIH Public Access},
    issn = {00916749},
    pmid = {20176265},
    keywords = {Adaptive immunity, B cell, T cell, atopy, complement, costimulation, inflammation, innate immunity, superantigen, tolerance}
}

@article{Springer2020PredictionPairs,
    title = {{Prediction of Specific TCR-Peptide Binding From Large Dictionaries of TCR-Peptide Pairs}},
    year = {2020},
    journal = {Frontiers in Immunology},
    author = {Springer, Ido and Besser, Hanan and Tickotsky-Moskovitz, Nili and Dvorkin, Shirit and Louzoun, Yoram},
    month = {8},
    pages = {1803},
    volume = {11},
    publisher = {Frontiers Media S.A.},
    doi = {10.3389/FIMMU.2020.01803/BIBTEX},
    issn = {16643224},
    pmid = {32983088},
    keywords = {TCR repertoire analysis, autoencoder (AE), deep learning, epitope specificity, evaluation methods, long short-term memory (LSTM), machine learning}
}

@misc{Paszke2019PyTorch:Library,
    title = {{PyTorch: An Imperative Style, High-Performance Deep Learning Library}},
    year = {2019},
    author = {Paszke, Adam and Gross, Sam and Massa, Francisco and Lerer, Adam and Bradbury Google, James and Chanan, Gregory and Killeen, Trevor and Lin, Zeming and Gimelshein, Natalia and Antiga, Luca and Desmaison, Alban and Xamla, Andreas Köpf and Yang, Edward and Devito, Zach and Raison Nabla, Martin and Tejani, Alykhan and Chilamkurthy, Sasank and Ai, Qure and Steiner, Benoit and Facebook, Lu Fang and Facebook, Junjie Bai and Chintala, Soumith},
    arxivId = {1912.01703v1}
}

@article{Hobohm1992SelectionSets,
    title = {{Selection of representative protein data sets}},
    year = {1992},
    journal = {Protein Science},
    author = {Hobohm, Uwe and Scharf, Michael and Schneider, Reinhard and Sander, Chris},
    number = {3},
    month = {3},
    pages = {409--417},
    volume = {1},
    publisher = {John Wiley {\&} Sons, Ltd},
    doi = {10.1002/PRO.5560010313},
    issn = {1469-896X},
    pmid = {1304348},
    keywords = {NMR, X, protein data sets, ray crystallography}
}

@article{Thomsen2012Seq2Logo:Depletion,
    title = {{Seq2Logo: a method for construction and visualization of amino acid binding motifs and sequence profiles including sequence weighting, pseudo counts and two-sided representation of amino acid enrichment and depletion}},
    year = {2012},
    journal = {Nucleic acids research},
    author = {Thomsen, Martin Christen Frolund and Nielsen, Morten},
    number = {Web Server issue},
    month = {7},
    volume = {40},
    publisher = {Nucleic Acids Res},
    doi = {10.1093/NAR/GKS469},
    issn = {1362-4962},
    pmid = {22638583},
    keywords = {Amino Acid Motifs*, Binding Sites, Computer Graphics, Extramural, Internet, MEDLINE, Martin Christen Fr{\o}lund Thomsen, Morten Nielsen, N.I.H., NCBI, NIH, NLM, National Center for Biotechnology Information, National Institutes of Health, National Library of Medicine, PMC3394285, Position-Specific Scoring Matrices*, Protein*, PubMed Abstract, Research Support, Sequence Alignment, Sequence Analysis, Software*, User-Computer Interface, doi:10.1093/nar/gks469, pmid:22638583}
}

@article{Niu2013StructuralSupertypes,
    title = {{Structural basis for the differential classification of HLA-A*6802 and HLA-A*6801 into the A2 and A3 supertypes}},
    year = {2013},
    journal = {Molecular immunology},
    author = {Niu, Ling and Cheng, Hao and Zhang, Shihong and Tan, Shuguang and Zhang, Yudan and Qi, Jianxun and Liu, Jun and Gao, George F.},
    number = {3-4},
    month = {10},
    pages = {381--392},
    volume = {55},
    publisher = {Mol Immunol},
    doi = {10.1016/J.MOLIMM.2013.03.015},
    issn = {1872-9142},
    pmid = {23566939},
    keywords = {Alleles, Amino Acid, Amino Acid Sequence, Antigen Presentation / genetics, Antigen Presentation / immunology, Comparative Study, Crystallography, George F Gao, HLA-A Antigens / chemistry*, HLA-A Antigens / classification*, HLA-A Antigens / genetics, HLA-A2 Antigen / chemistry, HLA-A2 Antigen / classification, HLA-A2 Antigen / genetics, Hao Cheng, Humans, Ling Niu, MEDLINE, Molecular Sequence Data, NCBI, NIH, NLM, National Center for Biotechnology Information, National Institutes of Health, National Library of Medicine, Non-U.S. Gov't, PMC7112617, PubMed Abstract, Research Support, Sequence Homology, Serotyping, X-Ray, doi:10.1016/j.molimm.2013.03.015, pmid:23566939}
}

@article{Rossjohn2015TMolecules,
    title = {{T Cell Antigen Receptor Recognition of Antigen-Presenting Molecules}},
    year = {2015},
    journal = {Annual Review of Immunology},
    author = {Rossjohn, Jamie and Gras, Stephanie and Miles, John J. and Turner, Stephen J. and Godfrey, Dale I. and McCluskey, James},
    month = {4},
    pages = {169--200},
    volume = {33},
    publisher = {Annual Reviews},
    doi = {10.1146/ANNUREV-IMMUNOL-032414-112334},
    issn = {15453278},
    pmid = {25493333},
    keywords = {CD1, MR1, T cell antigen receptor, major histocompatibility complex}
}

@article{Adams2011TComplex,
    title = {{T cell receptor signaling is limited by docking geometry to peptide-Major Histocompatibility Complex}},
    year = {2011},
    journal = {Immunity},
    author = {Adams, Jarrett J. and Narayanan, Samanthi and Liu, Baoyu and Birnbaum, Michael E. and Kruse, Andrew C. and Bowerman, Natalie A. and Chen, Wei and Levin, Aron M. and Connolly, Janet M. and Zhu, Cheng and Kranz, David M. and Garcia, K. Christopher},
    number = {5},
    month = {11},
    pages = {681},
    volume = {35},
    publisher = {NIH Public Access},
    doi = {10.1016/J.IMMUNI.2011.09.013},
    issn = {10747613},
    pmid = {22101157}
}

@article{Davis1988T-cellRecognition,
    title = {{T-cell antigen receptor genes and T-cell recognition}},
    year = {1988},
    journal = {Nature 1988 334:6181},
    author = {Davis, Mark M. and Bjorkman, Pamela J.},
    number = {6181},
    month = {8},
    pages = {395--402},
    volume = {334},
    publisher = {Nature Publishing Group},
    doi = {10.1038/334395a0},
    issn = {1476-4687},
    pmid = {3043226},
    keywords = {Humanities and Social Sciences, Science, multidisciplinary}
}

@article{Patronov2013T-cellImmunoinformatics,
    title = {{T-cell epitope vaccine design by immunoinformatics}},
    year = {2013},
    journal = {Open biology},
    author = {Patronov, Atanas and Doytchinova, Irini},
    number = {1},
    volume = {3},
    publisher = {Open Biol},
    doi = {10.1098/RSOB.120139},
    issn = {2046-2441},
    pmid = {23303307},
    keywords = {Atanas Patronov, Attenuated / immunology, Computational Biology / methods*, DNA / immunology, Epitopes, Inactivated / immunology, Irini Doytchinova, MEDLINE, NCBI, NIH, NLM, National Center for Biotechnology Information, National Institutes of Health, National Library of Medicine, Non-U.S. Gov't, PMC3603454, PubMed Abstract, Research Support, Review, Subunit / immunology*, T-Lymphocyte / immunology*, Vaccines, doi:10.1098/rsob.120139, pmid:23303307}
}

@article{Szeto2021TCRBreakers,
    title = {{TCR Recognition of Peptide–MHC-I: Rule Makers and Breakers}},
    year = {2021},
    journal = {International Journal of Molecular Sciences},
    author = {Szeto, Christopher and Lobos, Christian A. and Nguyen, Andrea T. and Gras, Stephanie},
    number = {1},
    month = {1},
    pages = {1--26},
    volume = {22},
    publisher = {Multidisciplinary Digital Publishing Institute (MDPI)},
    doi = {10.3390/IJMS22010068},
    issn = {14220067},
    pmid = {33374673},
    keywords = {Human leukocyte antigen (HLA), MHC class I, Peptide antigens, TCR binding, {$\alpha$}{$\beta$} TCR, {$\gamma$}{$\delta$} TCR, {$\delta$}{$\beta$} TCR}
}

@article{Wu2021TCR-BERT:Analyses,
    title = {{TCR-BERT: learning the grammar of T-cell receptors for flexible antigen- binding analyses}},
    year = {2021},
    journal = {bioRxiv},
    author = {Wu, Kevin E. and Yost, Kathryn E. and Daniel, Bence and Belk, Julia A. and Xia, Yu and Egawa, Takeshi and Satpathy, Ansuman and Chang, Howard and Zou, James}
}

@article{Chronister2021TCRMatch:Receptors,
    title = {{TCRMatch: Predicting T-Cell Receptor Specificity Based on Sequence Similarity to Previously Characterized Receptors}},
    year = {2021},
    journal = {Frontiers in Immunology},
    author = {Chronister, William D. and Crinklaw, Austin and Mahajan, Swapnil and Vita, Randi and Ko{\c{s}}alo{\u{g}}lu-Yal{\c{c}}ın, Zeynep and Yan, Zhen and Greenbaum, Jason A. and Jessen, Leon E. and Nielsen, Morten and Christley, Scott and Cowell, Lindsay G. and Sette, Alessandro and Peters, Bjoern},
    month = {3},
    pages = {640725},
    volume = {12},
    publisher = {Frontiers Media S.A.},
    doi = {10.3389/FIMMU.2021.640725/FULL},
    issn = {16643224},
    pmid = {33777034},
    keywords = {IEDB, T cell, epitope, epitope prediction tool, immune repertoire analysis, sequence similarity}
}

@article{Jensen2019TCRpMHCmodels:Complexes,
    title = {{TCRpMHCmodels: Structural modelling of TCR-pMHC class I complexes}},
    year = {2019},
    journal = {Scientific Reports},
    author = {Jensen, Kamilla Kjærgaard and Rantos, Vasileios and Jappe, Emma Christine and Olsen, Tobias Hegelund and Jespersen, Martin Closter and Jurtz, Vanessa and Jessen, Leon Eyrich and Lanzarotti, Esteban and Mahajan, Swapnil and Peters, Bjoern and Nielsen, Morten and Marcatili, Paolo},
    number = {1},
    volume = {9},
    doi = {10.1038/s41598-019-50932-4},
    issn = {20452322}
}

@article{Abele2004TheProcessing,
    title = {{The ABCs of immunology: Structure and function of TAP, the transporter associated with antigen processing}},
    year = {2004},
    journal = {Physiology},
    author = {Abele, Rupert and Tamp{\'{e}}, Robert},
    number = {4},
    pages = {216--224},
    volume = {19},
    publisher = {American Physiological Society},
    doi = {10.1152/PHYSIOL.00002.2004/ASSET/IMAGES/LARGE/Y-0002-4-05.JPEG},
    issn = {15489213},
    pmid = {15304636}
}

@article{Tsuchiya2016TheLoops,
    title = {{The diversity of H3 loops determines the antigen-binding tendencies of antibody CDR loops}},
    year = {2016},
    journal = {Protein science : a publication of the Protein Society},
    author = {Tsuchiya, Yuko and Mizuguchi, Kenji},
    number = {4},
    month = {4},
    pages = {815--825},
    volume = {25},
    publisher = {Protein Sci},
    doi = {10.1002/PRO.2874},
    issn = {1469-896X},
    pmid = {26749247},
    keywords = {Algorithms, Amino Acid Sequence, Antibodies / chemistry*, Antibodies / metabolism*, Antigens / metabolism, Complementarity Determining Regions / chemistry*, Complementarity Determining Regions / metabolism*, Crystallography, Kenji Mizuguchi, MEDLINE, Models, Molecular, NCBI, NIH, NLM, National Center for Biotechnology Information, National Institutes of Health, National Library of Medicine, PMC4941225, Protein Conformation, PubMed Abstract, X-Ray, Yuko Tsuchiya, doi:10.1002/pro.2874, pmid:26749247}
}

@article{Schymkowitz2005TheField,
    title = {{The FoldX web server: An online force field}},
    year = {2005},
    journal = {Nucleic Acids Research},
    author = {Schymkowitz, Joost and Borg, Jesper and Stricher, Francois and Nys, Robby and Rousseau, Frederic and Serrano, Luis},
    number = {SUPPL. 2},
    volume = {33},
    doi = {10.1093/nar/gki387},
    issn = {03051048}
}

@article{Vita2015The3.0,
    title = {{The immune epitope database (IEDB) 3.0}},
    year = {2015},
    journal = {Nucleic Acids Research},
    author = {Vita, Randi and Overton, James A. and Greenbaum, Jason A. and Ponomarenko, Julia and Clark, Jason D. and Cantrell, Jason R. and Wheeler, Daniel K. and Gabbard, Joseph L. and Hix, Deborah and Sette, Alessandro and Peters, Bjoern},
    number = {D1},
    volume = {43},
    doi = {10.1093/nar/gku938},
    issn = {13624962}
}

@article{Bork1994TheCore,
    title = {{The Immunoglobulin Fold: Structural Classification, Sequence Patterns and Common Core}},
    year = {1994},
    journal = {Journal of Molecular Biology},
    author = {Bork, P. and Holm, L. and Sander, C.},
    number = {4},
    month = {9},
    pages = {309--320},
    volume = {242},
    publisher = {Academic Press},
    doi = {10.1006/JMBI.1994.1582},
    issn = {0022-2836},
    pmid = {7932691},
    keywords = {Molecular evolution, Protein folding, Sequence similarity, Structural comparison}
}

@misc{DeLuca2007TheImmunotherapy,
    title = {{The immunoinformatics of cancer immunotherapy}},
    year = {2007},
    booktitle = {Tissue Antigens},
    author = {DeLuca, D. S. and Blasczyk, R.},
    number = {4},
    volume = {70},
    doi = {10.1111/j.1399-0039.2007.00914.x},
    issn = {00012815}
}

@unpublished{SchrodingerLLC2015The1.8,
    title = {{The PyMOL Molecular Graphics System, Version 1.8}},
    year = {2015},
    author = {{Schr{\"{o}}dinger LLC}},
    month = {11}
}

@article{Alford2017TheDesign,
    title = {{The Rosetta All-Atom Energy Function for Macromolecular Modeling and Design}},
    year = {2017},
    journal = {Journal of Chemical Theory and Computation},
    author = {Alford, Rebecca F. and Leaver-Fay, Andrew and Jeliazkov, Jeliazko R. and O'Meara, Matthew J. and DiMaio, Frank P. and Park, Hahnbeom and Shapovalov, Maxim V. and Renfrew, P. Douglas and Mulligan, Vikram K. and Kappel, Kalli and Labonte, Jason W. and Pacella, Michael S. and Bonneau, Richard and Bradley, Philip and Dunbrack, Roland L. and Das, Rhiju and Baker, David and Kuhlman, Brian and Kortemme, Tanja and Gray, Jeffrey J.},
    number = {6},
    volume = {13},
    doi = {10.1021/acs.jctc.7b00125},
    issn = {15499626}
}

@misc{Shen2012TowardsChains,
    title = {{Towards a Mathematical Foundation of Immunology and Amino Acid Chains}},
    year = {2012},
    author = {Shen, Wen-Jun and Wong, Hau-San and Xiao, Quan-Wu and Guo, Xin and Smale, Stephen},
    month = {5},
    doi = {10.48550/arxiv.1205.6031},
    arxivId = {1205.6031},
    keywords = {()}
}

@article{Bateman2021UniProt:2021,
    title = {{UniProt: the universal protein knowledgebase in 2021}},
    year = {2021},
    journal = {Nucleic Acids Research},
    author = {Bateman, Alex and Martin, Maria Jesus and Orchard, Sandra and Magrane, Michele and Agivetova, Rahat and Ahmad, Shadab and Alpi, Emanuele and Bowler-Barnett, Emily H. and Britto, Ramona and Bursteinas, Borisas and Bye-A-Jee, Hema and Coetzee, Ray and Cukura, Austra and da Silva, Alan and Denny, Paul and Dogan, Tunca and Ebenezer, Thank God and Fan, Jun and Castro, Leyla Garcia and Garmiri, Penelope and Georghiou, George and Gonzales, Leonardo and Hatton-Ellis, Emma and Hussein, Abdulrahman and Ignatchenko, Alexandr and Insana, Giuseppe and Ishtiaq, Rizwan and Jokinen, Petteri and Joshi, Vishal and Jyothi, Dushyanth and Lock, Antonia and Lopez, Rodrigo and Luciani, Aurelien and Luo, Jie and Lussi, Yvonne and MacDougall, Alistair and Madeira, Fabio and Mahmoudy, Mahdi and Menchi, Manuela and Mishra, Alok and Moulang, Katie and Nightingale, Andrew and Oliveira, Carla Susana and Pundir, Sangya and Qi, Guoying and Raj, Shriya and Rice, Daniel and Lopez, Milagros Rodriguez and Saidi, Rabie and Sampson, Joseph and Sawford, Tony and Speretta, Elena and Turner, Edward and Tyagi, Nidhi and Vasudev, Preethi and Volynkin, Vladimir and Warner, Kate and Watkins, Xavier and Zaru, Rossana and Zellner, Hermann and Bridge, Alan and Poux, Sylvain and Redaschi, Nicole and Aimo, Lucila and Argoud-Puy, Ghislaine and Auchincloss, Andrea and Axelsen, Kristian and Bansal, Parit and Baratin, Delphine and Blatter, Marie Claude and Bolleman, Jerven and Boutet, Emmanuel and Breuza, Lionel and Casals-Casas, Cristina and de Castro, Edouard and Echioukh, Kamal Chikh and Coudert, Elisabeth and Cuche, Beatrice and Doche, Mikael and Dornevil, Dolnide and Estreicher, Anne and Famiglietti, Maria Livia and Feuermann, Marc and Gasteiger, Elisabeth and Gehant, Sebastien and Gerritsen, Vivienne and Gos, Arnaud and Gruaz-Gumowski, Nadine and Hinz, Ursula and Hulo, Chantal and Hyka-Nouspikel, Nevila and Jungo, Florence and Keller, Guillaume and Kerhornou, Arnaud and Lara, Vicente and Le Mercier, Philippe and Lieberherr, Damien and Lombardot, Thierry and Martin, Xavier and Masson, Patrick and Morgat, Anne and Neto, Teresa Batista and Paesano, Salvo and Pedruzzi, Ivo and Pilbout, Sandrine and Pourcel, Lucille and Pozzato, Monica and Pruess, Manuela and Rivoire, Catherine and Sigrist, Christian and Sonesson, Karin and Stutz, Andre and Sundaram, Shyamala and Tognolli, Michael and Verbregue, Laure and Wu, Cathy H. and Arighi, Cecilia N. and Arminski, Leslie and Chen, Chuming and Chen, Yongxing and Garavelli, John S. and Huang, Hongzhan and Laiho, Kati and McGarvey, Peter and Natale, Darren A. and Ross, Karen and Vinayaka, C. R. and Wang, Qinghua and Wang, Yuqi and Yeh, Lai Su and Zhang, Jian},
    number = {D1},
    month = {1},
    pages = {D480-D489},
    volume = {49},
    publisher = {Oxford Academic},
    doi = {10.1093/NAR/GKAA1100},
    issn = {0305-1048},
    pmid = {33237286},
    keywords = {chief complaint, community, coronavirus pandemic, knowledge bases, licensure, proteome, redundancy, uniprot knowledgebase}
}

@misc{Meitil2021UsingPrediction,
    title = {{Using deep learning for improving TCR homology modeling and its application to immunogenicity prediction}},
    year = {2021},
    author = {Meitil, Ida}
}

@article{Bagaev2020VDJdbCompendium,
    title = {{VDJdb in 2019: Database extension, new analysis infrastructure and a T-cell receptor motif compendium}},
    year = {2020},
    journal = {Nucleic Acids Research},
    author = {Bagaev, Dmitry V. and Vroomans, Renske M.A. and Samir, Jerome and Stervbo, Ulrik and Rius, Cristina and Dolton, Garry and Greenshields-Watson, Alexander and Attaf, Meriem and Egorov, Evgeny S. and Zvyagin, Ivan V. and Babel, Nina and Cole, David K. and Godkin, Andrew J. and Sewell, Andrew K. and Kesmir, Can and Chudakov, Dmitriy M. and Luciani, Fabio and Shugay, Mikhail},
    number = {D1},
    volume = {48},
    doi = {10.1093/nar/gkz874},
    issn = {13624962}
}

@misc{Eddy2004WhereFrom,
    title = {{Where did the BLOSUM62 alignment score matrix come from?}},
    year = {2004},
    booktitle = {Nature Biotechnology},
    author = {Eddy, Sean R.},
    number = {8},
    volume = {22},
    doi = {10.1038/nbt0804-1035},
    issn = {10870156}
}

@article{Sewell2012WhyCross-reactive,
    title = {{Why must T cells be cross-reactive?}},
    year = {2012},
    journal = {Nature Reviews. Immunology},
    author = {Sewell, Andrew K.},
    number = {9},
    month = {9},
    pages = {669},
    volume = {12},
    publisher = {Nature Publishing Group},
    doi = {10.1038/NRI3279},
    issn = {14741733},
    pmid = {22918468}
}